<?xml version="1.0" encoding="UTF-8"?>
<OAI-PMH xmlns="http://www.openarchives.org/OAI/2.0/" xmlns:xsi="http://www.w3.org/2001/XMLSchema-instance" xsi:schemaLocation="http://www.openarchives.org/OAI/2.0/ http://www.openarchives.org/OAI/2.0/OAI-PMH.xsd">
  <ListRecords>
    <record>
      <header>
        <identifier>aleph-publish:001494977</identifier>
      </header>
      <metadata>
        <record xmlns="http://www.ddb.de/professionell/mabxml/mabxml-1.xsd">
          <leader>00471vM2.01200024------h</leader>
          <controlfield tag="LDR">00471vM2.01200024------h</controlfield>
          <controlfield tag="FMT">MH</controlfield>
          <datafield tag="001" ind1="-" ind2="1">
            <subfield code="a">HT017205440</subfield>
          </datafield>
          <datafield tag="002" ind1="b" ind2="1">
            <subfield code="a">20120419</subfield>
          </datafield>
          <datafield tag="003" ind1="-" ind2="1">
            <subfield code="a">20120713</subfield>
          </datafield>
          <datafield tag="026" ind1="-" ind2="1">
            <subfield code="a">HBZHT017205440</subfield>
          </datafield>
          <controlfield tag="030">a|1uc||||||37</controlfield>
          <datafield tag="036" ind1="a" ind2="1">
            <subfield code="a">DE</subfield>
          </datafield>
          <datafield tag="037" ind1="b" ind2="1">
            <subfield code="a">ger</subfield>
          </datafield>
          <controlfield tag="050">a|||||||||||||</controlfield>
          <controlfield tag="051">nq||||||</controlfield>
          <datafield tag="070" ind1="-" ind2="1">
            <subfield code="a">385</subfield>
          </datafield>
          <datafield tag="070" ind1="b" ind2="1">
            <subfield code="a">466</subfield>
          </datafield>
          <datafield tag="080" ind1="-" ind2="1">
            <subfield code="a">60</subfield>
          </datafield>
          <datafield tag="100" ind1="b" ind2="1">
            <subfield code="p">Noth, Martin</subfield>
            <subfield code="d">1902-1968</subfield>
            <subfield code="9">(DE-588)118588826</subfield>
            <subfield code="b">[Begr.]</subfield>
          </datafield>
          <datafield tag="104" ind1="b" ind2="1">
            <subfield code="p">Herrmann, Siegfried</subfield>
            <subfield code="d">1926-1999</subfield>
            <subfield code="9">(DE-588)119020254</subfield>
            <subfield code="b">[Hrsg.]</subfield>
          </datafield>
          <datafield tag="108" ind1="b" ind2="1">
            <subfield code="p">Ego, Beate</subfield>
            <subfield code="d">1958-</subfield>
            <subfield code="9">(DE-588)112251390</subfield>
            <subfield code="b">[Hrsg.]</subfield>
          </datafield>
          <datafield tag="331" ind1="-" ind2="1">
            <subfield code="a">Biblischer Kommentar Altes Testament</subfield>
          </datafield>
          <datafield tag="359" ind1="-" ind2="1">
            <subfield code="a">begr. von Martin Noth. Fortgef. von Siegfried Herrmann und Hans Walter Wolff. In Verb. mit Arndt Meinhold ... hg. von Beate Ego ...</subfield>
          </datafield>
          <datafield tag="370" ind1="a" ind2="1">
            <subfield code="a">BK</subfield>
          </datafield>
          <datafield tag="403" ind1="-" ind2="1">
            <subfield code="a">Neubearb.</subfield>
          </datafield>
          <datafield tag="410" ind1="-" ind2="1">
            <subfield code="a">Neukirchen-Vluyn</subfield>
          </datafield>
          <datafield tag="412" ind1="-" ind2="1">
            <subfield code="a">Neukirchener Verl.</subfield>
          </datafield>
          <datafield tag="425" ind1="b" ind2="1">
            <subfield code="a">2012</subfield>
          </datafield>
          <datafield tag="505" ind1="-" ind2="1">
            <subfield code="p">Nebent.</subfield>
            <subfield code="a">BK</subfield>
          </datafield>
          <datafield tag="700" ind1="l" ind2="1">
            <subfield code="a">450</subfield>
          </datafield>
          <datafield tag="902" ind1="-" ind2="1">
            <subfield code="t">Altes Testament</subfield>
            <subfield code="9">(DE-588)4001515-4</subfield>
          </datafield>
          <datafield tag="902" ind1="-" ind2="1">
            <subfield code="f">Kommentar</subfield>
          </datafield>
          <controlfield tag="SYS">001494977</controlfield>
          <datafield tag="PSW" ind1="-" ind2="1">
            <subfield code="t">Tenach</subfield>
            <subfield code="9">(DE-588)4001515-4</subfield>
          </datafield>
          <datafield tag="PSW" ind1="-" ind2="1">
            <subfield code="t">Testamentum vetus</subfield>
            <subfield code="9">(DE-588)4001515-4</subfield>
          </datafield>
          <datafield tag="PSW" ind1="-" ind2="1">
            <subfield code="t">Vetus testamentum</subfield>
            <subfield code="9">(DE-588)4001515-4</subfield>
          </datafield>
          <datafield tag="PSW" ind1="-" ind2="1">
            <subfield code="t">Erstes Testament</subfield>
            <subfield code="9">(DE-588)4001515-4</subfield>
          </datafield>
          <datafield tag="PSW" ind1="-" ind2="1">
            <subfield code="t">Jüdische Bibel</subfield>
            <subfield code="9">(DE-588)4001515-4</subfield>
          </datafield>
          <datafield tag="PSW" ind1="-" ind2="1">
            <subfield code="t">Tanach</subfield>
            <subfield code="9">(DE-588)4001515-4</subfield>
          </datafield>
          <datafield tag="PSW" ind1="-" ind2="1">
            <subfield code="t">Tenach</subfield>
            <subfield code="9">(DE-588)4001515-4</subfield>
          </datafield>
          <datafield tag="PSW" ind1="-" ind2="1">
            <subfield code="t">Testamentum vetus</subfield>
            <subfield code="9">(DE-588)4001515-4</subfield>
          </datafield>
          <datafield tag="PSW" ind1="-" ind2="1">
            <subfield code="t">Vetus testamentum</subfield>
            <subfield code="9">(DE-588)4001515-4</subfield>
          </datafield>
          <datafield tag="PSW" ind1="-" ind2="1">
            <subfield code="t">Erstes Testament</subfield>
            <subfield code="9">(DE-588)4001515-4</subfield>
          </datafield>
          <datafield tag="PSW" ind1="-" ind2="1">
            <subfield code="t">Jüdische Bibel</subfield>
            <subfield code="9">(DE-588)4001515-4</subfield>
          </datafield>
          <datafield tag="PSW" ind1="-" ind2="1">
            <subfield code="t">Tanach</subfield>
            <subfield code="9">(DE-588)4001515-4</subfield>
          </datafield>
          <datafield tag="PPE" ind1="-" ind2="1">
            <subfield code="p">Ego, B.</subfield>
            <subfield code="d">1958-</subfield>
            <subfield code="9">(DE-588)112251390</subfield>
          </datafield>
          <datafield tag="PPE" ind1="-" ind2="1">
            <subfield code="p">Grob, Beate</subfield>
            <subfield code="d">1958-</subfield>
            <subfield code="9">(DE-588)112251390</subfield>
          </datafield>
          <datafield tag="PPE" ind1="-" ind2="1">
            <subfield code="p">Ego, B.</subfield>
            <subfield code="d">1958-</subfield>
            <subfield code="9">(DE-588)112251390</subfield>
          </datafield>
          <datafield tag="PPE" ind1="-" ind2="1">
            <subfield code="p">Grob, Beate</subfield>
            <subfield code="d">1958-</subfield>
            <subfield code="9">(DE-588)112251390</subfield>
          </datafield>
          <datafield tag="700" ind1=" " ind2=" ">
            <subfield code="a">INB</subfield>
          </datafield>
          <datafield tag="OWN" ind1=" " ind2=" ">
            <subfield code="a">P0001</subfield>
            <subfield code="n">466 - Paderborn: UB</subfield>
          </datafield>
          <datafield tag="PLK" ind1=" " ind2=" ">
            <subfield code="a">SRD</subfield>
            <subfield code="l">PAD01</subfield>
            <subfield code="b">001494975</subfield>
            <subfield code="m">Biblischer Kommentar Altes Testament.^Neubearb..^2012</subfield>
            <subfield code="n">15.^Psalmen.^2012</subfield>
          </datafield>
          <datafield tag="LOC" ind1=" " ind2=" ">
            <subfield code="m">UEO</subfield>
            <subfield code="a">P0001</subfield>
            <subfield code="b">11</subfield>
            <subfield code="d">INB1326-...</subfield>
            <subfield code="n">20</subfield>
            <subfield code="k">00000000</subfield>
            <subfield code="5">1495032-10</subfield>
          </datafield>
        </record>
      </metadata>
    </record>
  </ListRecords>
</OAI-PMH>
